@article{chetlur2014cudnn,
  title={cudnn: Efficient primitives for deep learning},
  author={Chetlur, Sharan and Woolley, Cliff and Vandermersch,
                  Philippe and Cohen, Jonathan and Tran, John and
                  Catanzaro, Bryan and Shelhamer, Evan},
  journal={arXiv preprint arXiv:1410.0759},
  year={2014}
}

@book{warren2013hacker,
  title={Hacker's delight},
  author={Warren, Henry S},
  year={2013},
  publisher={Pearson Education}
}

@article{bell2011thrust,
  title={Thrust: A 2 6},
  author={Bell, Nathan and Hoberock, Jared},
  journal={GPU Computing Gems Jade Edition},
  pages={359},
  year={2011}
}

@article{giusti2013fast,
  title={Fast image scanning with deep max-pooling convolutional
                  neural networks},
  author={Giusti, Alessandro and Cire{\c{s}}an, Dan C and Masci,
                  Jonathan and Gambardella, Luca M and Schmidhuber,
                  J{\"u}rgen},
  journal={arXiv preprint arXiv:1302.1700},
  year={2013}
}